@STRING{SV={Springer}}
@STRING{LNCS = "LNCS"}
@String{Fund = "Fundamenta Informaticae"}

@mastersthesis{Aren03,
  Author="Mark Arends",
  Title="Graph Grammars for {Java} Bytecode Simulation",
  Year=2003,
  School="University of Twente",
}

@InProceedings{CarGarGhe02,
  Author="Luca Cardelli and Philippa Gardner and Giorgio Ghelli",
  Title="A Spatial Logic for Querying Graphs",
  Crossref="ICALP02",
  Pages="597--610",
}

@InProceedings{CorNicLab99,
  Title="Graded Modalities and Resource Bisimulation",
  Author="Flavio Corradini and Rocco {De Nicola} and Anna Labella",
  Crossref="FSTTCS99",
  Pages="381--393",
}

@inproceedings{FraMet97,
  author = {Pascal Fradet and Daniel Le M\'etayer},
  title = {Shape types},
  Crossref="POPL97",
  pages = {27--39},
}

@inproceedings{Jeannet+2004,
  author    = {Bertrand Jeannet and
               Alexey Loginov and
               Thomas W. Reps and
               Shmuel Sagiv},
  title     = {A Relational Approach to Interprocedural Shape Analysis.},
  pages     = {246-264},
  editor    = {Roberto Giacobazzi},
  Booktitle     = {Static Analysis: 11th International Symposium (SAS)},
  publisher = SV,
  series    = LNCS,
  volume    = {3148},
  year      = {2004},
}

@inproceedings{KlaSch93,
  author = {Nils Klarlund and Michael I. Schwartzbach},
  title = {Graph types},
  Crossref="POPL93",
  pages = {196--205},
}

@MastersThesis{Loza03,
  author = "Angela Lozano",
  title = "Graph Grammars for {Java} Simulation",
  school = "University of Twente",
  year = 2003,
}

@article{Papa81,
  Author="C. H. Papadimitriou",
  Title="On the complexity of integer programming",
  Journal=JACM,
  Volume=28,
  Number=4,
  Pages="765--768",
  Year=1981,
}
 
@InProceedings{Rens04-esop,
  Author="Arend Rensink",
  Title="Canonical Graph Shapes",
  Booktitle="Programming Languages and Systems ---
      European Symposium on Programming (ESOP)",
  Series=LNCS,
  Editor="D. A. Schmidt",
  Volume=2986,
  Pages="401--415",
  Publisher=SV,
  Year=2004,
}

@inproceedings{Rinetzky+2005,
  author    = {Noam Rinetzky and
               J{\"o}rg Bauer and
               Thomas W. Reps and
               Shmuel Sagiv and
               Reinhard Wilhelm},
  title     = {A semantics for procedure local heaps and its abstractions.},
  pages     = {296-309},
  editor    = {Jens Palsberg and
               Mart\'{\i}n Abadi},
  Booktitle     = {Proceedings of the 32nd ACM SIGPLAN-SIGACT Symposium on
               Principles of Programming Languages (POPL)},
  publisher = {ACM},
  year      = {2005},
}

@Article{SagRepWil98,
  Author="Mooly Sagiv and Thomas Reps and Reinhard Wilhelm",
  Title="Solving Shape-Analysis Problems in Languages with Destructive
                  Updating",
  Journal=ToPLaS,
  Volume=20,
  Number=1,
  Month=Jan,
  Year=1998,
  Pages="1--50",
  Ares="GR, SA",
}

@Article{SagRepWil02,
  Author="Mooly Sagiv and Thomas Reps and Reinhard Wilhelm",
  Title="Parametric Shape Analysis via 3-Valued Logic",
  Journal=ToPLaS,
  Volume=24,
  Number=3,
  Month=May,
  Year=2002,
  Pages="217--298",
  Ares="GR, SA",
}

@InProceedings{Rens03a,
  Author="Arend Rensink",
  Title="Towards Model Checking Graph Grammars",
  Booktitle="Proceedings of the $3^{\mathrm{rd}}$ Workshop on Automated
                  Verification of Critical Systems",
  Editor="M. Leuschel and S. Gruner and S. Lo Presti",
  Publisher="University of Southampton",
  Series="Technical Report DSSE--TR--2003--2",
  Year=2003,
  Pages="150--160",
  pdf="http://www.cs.utwente.nl/\~{}rensink/papers/mc-gg.pdf",
}

@InProceedings{RenSchVar04,
    Author="Arend Rensink and {\'A}kos Schmidt and D{\'a}niel Varr{\'o}",
    Title="Model Checking Graph Transformations: A Comparison of Two Approaches",
    CROSSREF="ICGT04",
    pages="226--241",
}

@TechReport{RensinkDis2005a,
  Author="Arend Rensink and Dino Distefano",
  Title="Abstract Graph Transformation",
  Institution="Department of Computer Science, University of Twente",
  Type="CTIT Technical Report", 
  Month=Jan,
  Year=2005,
  Number="TR--CTIT--05--04",
}

@InProceedings{DisKatRen04,
  Author="Dino Distefano and Joost-Pieter Katoen and Arend Rensink",
  Title="Who is Pointing When to Whom?
         {On} the automated verification of linked list structures",
  Booktitle="The 24th Conference on Foundations of Software
             Technology and Theoretical Computer Science (FSTTCS)",
  Publisher=SV,
  Series=LNCS,
  Volume=3328,
  Year=2004,
  Pages="250--262",
}

@InProceedings{DisRenKat02,
  Title="Model Checking Birth and Death",
  Author="Dino Distefano and Arend Rensink and Joost-Pieter Katoen",
  editor    = "R. A. Baeza-Yates and U. Montanari and N. Santoro",
  booktitle     = "Foundations of Information Technology in the Era of
        Network and Mobile Computing",
  pages     = {435--447},
  publisher = {Kluwer Academic Publishers},
  series    = {IFIP Conference Proceedings},
  volume    = {223},
  year      = {2002},
}

@InProceedings{Reyn02,
  Author="John Reynolds",
  Title="Separation Logic: A Logic for Shared Mutable Data Structures",
  Crossref="LICS02",
  Area="PL,SA,FM",
}

@Proceedings{LICS02,
  Key="LICS",
  Booktitle="Seventeenth Annual IEEE Symposium on Logic in Computer Science",
  Organization="IEEE",
  Publisher="Computer Society Press",
  Title="Seventeenth Annual IEEE Symposium on Logic in Computer Science",
  Year=2002,
}

@InCollection{DPO,
  author ="Andrea Corradini and Ugo Montanari and F. Rossi and Hartmut
                 Ehrig and R. Heckel and M. L{\"o}we",
  title ="Algebraic Approaches to Graph Transformation, Part
                 {I}: Basic Concepts and Double Pushout Approach",
  Crossref="Handbook-GG-I",
  Chapter=3,
  Pages="163--246",
  Area="GR",
}

@Book{Handbook-GG-I,
  Editor = "Grzegorz Rozenberg",
  Title = "Handbook of Graph Grammars and Computing by Graph Transformation",
  BookTitle = "Handbook of Graph Grammars and Computing by Graph
                  Transformation, Volume I: Foundations",
  Publisher = "World Scientific, Singapore",
  Year=1997,
}

@InProceedings{Rens04-avis,
  Author="Arend Rensink",
  Title="State Space Abstraction using Shape Graphs",
  Booktitle="ETAPS 2004 Workshop on Automatic Verification of Infinite-State Systems (AVIS)",
  Year=2004,
  Note="See \url{http://www.cs.utwente.nl/~rensink/papers/avis2004.pdf}
                  (unpublished proceedings)", 
}

@InProceedings{Rens03-agtive,
    Author="Arend Rensink",
    Title="The {GROOVE} Simulator: A Tool for State Space Generation",
    Booktitle="Applications of Graph Transformations with Industrial Relevance
                  (AGTIVE)",
    Editor="J. Pfalz and M. Nagl and B. B{\"o}hlen",
    Series=LNCS,
    Volume="3063",
    Publisher=SV,
    Year=2004,
    Pages="479--485",
    PDF="http://www.cs.utwente.nl/\~{}rensink/papers/agtive-demo.pdf",
}

@InProceedings{Corr+04,
  Author="Andrea Corradini and Fernando L. Dotti and Luciana Foss and Leila
                  Ribeiro",
  Title="Translating Java into Graph Transformation Systems",
  Crossref="ICGT04",
  Pages="383--389",
  Area="GR",
}

@Article{DepHecKue02,
  Author="Ralph Depke and Reiko Heckel and Jochen Malte K{\"u}ster",
  Title="Formal Agent-Oriented Modeling with {UML} and Graph Transformation",
  Journal="Science of Computer Programming",
  Volume=44,
  Year=2002,
  Pages="229--252",
  Area="GR",
}

@InProceedings{Dott+03,
  Author="Fernando L. Dotti and Luciana Foss and Leila Ribeiro and Osmar M. dos 
                  Santos",
  Title="Verification of Distributed Object-Based Systems",
  Crossref="FMOODS03",
  Pages="261--275",
}


@InProceedings{Kusk+02,
  Author="Sabine Kuska and Martin Gogolla and Ralf Kollmann and Hans-J{\"o}rg Kreowski",
  Title="An Integrated Semantics for {UML} Class, Object and State Diagrams
                  Based on Graph Transformation",
  Booktitle="IFM 2002",
  Editor="M. Butler and L. Petre and K. Sere",
  Series=LNCS,
  Volume=2235,
  Publisher=SV,
  Year=2002,
  Pages="11--28",
  Area="GR",
}

@Article{HabHecTae96,
  Author="Annegret Habel and Reiko Heckel and Gebriele Taentzer",
  Title="Graph Grammars with Negative Application Conditions",
  Journal=Fund, 
  Volume=26,
  Number="3/4",
  Year=1996,
  Pages="287--313",
  Area="GR",
}

@InProceedings{OHeReyYan01,
  Author="Peter O'Hearn and John Reynolds and Hongseok Yang",
  Title="Local Reasoning about Programs that Alter Data Structures",
  Crossref="CSL01",
  Pages="1--19",
  Area="PL,SA,FM",
}

@InProceedings{BalKoeKoe03,
  Author="Paolo Baldan and Barbara K{\"o}nig and Bernhard K{\"o}nig",
  Title="A Logic for Analyzing Abstractions of Graph Transformation Systems",
  Booktitle="Static Analysis",
  Editor="R. Cousot",
  Series=LNCS,
  Publisher=SV,
  Volume=2694,
  Pages="255--272",
  Year=2003,
  Area="SA,GR",
}

@Proceedings{FMOODS03,
  Title="Formal Methods for Open Object-based Distributed Systems",
  Booktitle="Formal Methods for Open Object-based Distributed Systems",
  Editor="E. Najm and U. Nestmann and P. Stevens",
  Series=LNCS,
  Volume=2884,
  Publisher=SV,
  Year=2003,
}


@Proceedings{CSL01,
  Booktitle="CSL 2001",
  Editor="L. Fribourg",
  Publisher=SV,
  Series=LNCS,
  Title="CSL 2001",
  Volume=2142,
  Year=2001}

@inproceedings{PolChaCor01,
  author    = {Isabelle Pollet and
               Baudouin Le Charlier and
               Agostino Cortesi},
  title     = {Distinctness and Sharing Domains for Static Analysis of
               Java Programs.},
  crossref="ECOOP2001",
  pages     = {77-98},
}

@proceedings{ECOOP2001,
  editor    = {J{\o}rgen Lindskov Knudsen},
  title     = {ECOOP 2001 - Object-Oriented Programming, 15th European Conference,
               Budapest, Hungary, June 18-22, 2001, Proceedings},
  booktitle     = {ECOOP 2001 - Object-Oriented Programming, 15th European Conference,
               Budapest, Hungary, June 18-22, 2001, Proceedings},
  publisher = SV,
  series    = LNCS,
  volume    = {2072},
  year      = {2001},
}

@inproceedings{CouCou79,
   author =    {Cousot, P{.} and Cousot, R{.}},
   title =     {Systematic design of program analysis frameworks},
   pages =     {269--282},
   booktitle = {Conference Record of the Sixth Annual ACM SIGPLAN-SIGACT 
                Symposium on Principles of Programming Languages},
   address =   {San Antonio, Texas},
   publisher = {ACM Press, New York, NY},
   year =      1979,
}

@article{CouCou99,
   author =  {Cousot, P{.} and Cousot, R{.}},
   title =   {Refining Model Checking by Abstract Interpretation},
   journal = {Automated Software Engineering},
   volume =  6,
   number = 1,
   pages =   {69--95},
   year =    1999,
}

@Proceedings{ICGT04,
    Title="International Conference on Graph Transformations (ICGT)",
    Booktitle="International Conference on Graph Transformations (ICGT)",
    editor= {H. Ehrig and G. Engels and F. Parisi-Presicce
                  and G. Rozenberg},
    Series=LNCS,
    Publisher=SV,
    Year=2004,
    volume = 3256,
}
