%%%%%%%%%%%%%%%%%%%%%%%%%%%%%%%%%%%%%%%%%%%%%%%%%%%%%%%%%%%%%%%%%%%%%%%%%%%%%%%
@string{info = {File di stringhe in formato completo (long)}}
%%%%%%%%%%%%%%%%%%%%%%%%%%%%%%%%%%%%%%%%%%%%%%%%%%%%%%%%%%%%%%%%%%%%%%%%%%%%%%%

%%%%%%%%%%%%%%%%%%%%%%%%%%%%%%%%%%%%%%%%%%%%%%%%%%%%%%%%%%%%%%%%%%%%%%%%%%%%%%
@string{currentuser = {NESSUNO}}
@string{info01 = {Time-stamp: Wed Mar 17 14:37:49 CET 1999}}
@string{info02 = {Note sull'uso:}}
@string{info03 = {- Prima di fare modifiche sostituire "NESSUNO" con il}}
@string{info04 = {  proprio nome e salvare}}
@string{info05 = {- Finito l'editing sostituire il proprio nome con "NESSUNO"}}
@string{info06 = {  aggiornare il log e salvare}}
@string{info07 = {- Se al momento di aprire il file si vede che e` gia` usato}}
@string{info08 = {  da qualcuno NON fare modifiche e NON SALVARE}}
%%%%%%%%%%%%%%%%%%%%%%%%%%%%%%%%%%%%%%%%%%%%%%%%%%%%%%%%%%%%%%%%%%%%%%%%%%%%%%

%%%%% PROCEEDINGS PROCEEDINGS PROCEEDINGS PROCEEDINGS PROCEEDINGS
%%%%% Within each category in alphabetical order

%%%%% ARTIFICIAL INTELLIGENCE,  AUTOMATED DEDUCTION,  LOGIC PROGRAMMING
%%%%% ARTIFICIAL INTELLIGENCE,  AUTOMATED DEDUCTION,  LOGIC PROGRAMMING
%%%%% ARTIFICIAL INTELLIGENCE,  AUTOMATED DEDUCTION,  LOGIC PROGRAMMING

%%%%% INTERNATIONAL

@string{AAAI-82 = "Proceedings of the Second National Conference on Artificial
                   Intelligence (AAAI'82)"}
@string{AAAI-84 = "Proceedings of the Fourth National Conference on Artificial
                   Intelligence (AAAI'84)"}
@string{AAAI-86 = "Proceedings of the Fifth National Conference on Artificial
                   Intelligence (AAAI'86)"}
@string{AAAI-87 = "Proceedings of the Sixth National Conference on Artificial
                   Intelligence (AAAI'87)"}
@string{AAAI-88 = "Proceedings of the Seventh National Conference on Artificial
                   Intelligence (AAAI'88)"}
@string{AAAI-90 = "Proceedings of the Eighth National Conference on Artificial
                   Intelligence (AAAI'90)"}
@string{AAAI-91 = "Proceedings of the Ninth National Conference on Artificial
                   Intelligence (AAAI'91)"}
@string{AAAI-92 = "Proceedings of the Tenth National Conference on Artificial
                   Intelligence (AAAI'92)"}
@string{AAAI-93 = "Proceedings of the Eleventh National Conference on
                   Artificial Intelligence (AAAI'93)"}
@string{AAAI-94 = "Proceedings of the Twelfth National Conference on
                   Artificial Intelligence (AAAI'94)"}
@string{AAAI-96 = "Proceedings of the Thirteenth National Conference on
                   Artificial Intelligence (AAAI'96)"}
@string{AAAI-97 = "Proceedings of the Fourteenth National Conference on
                   Artificial Intelligence (AAAI'97)"}
@string{AAAI-98 = "Proceedings of the Fifteenth National Conference on
                   Artificial Intelligence (AAAI'98)"}
@string{AAAI-99 = "Proceedings of the Sixteenth National Conference on
                   Artificial Intelligence (AAAI'99)"}
@string{AAAI-2000 = "Proceedings of the Seventeenth National Conference on
                     Artificial Intelligence (AAAI 2000)"}

@string{AIED-93 = "Proceedings of the Sixth World Conference on Artificial
                   Intelligence in Education (AI-ED'93)"}
@string{AIED-95 = "Proceedings of the Seventh World Conference on Artificial
                   Intelligence in Education (AI-ED'95)"}

@string{CADE-82 = "Proceedings of the Sixth International Conference on
                   Automated Deduction (CADE'82)"}
@string{CADE-88 = "Proceedings of the Ninth International Conference on
                   Automated Deduction (CADE'88)"}
@string{CADE-90 = "Proceedings of the Tenth International Conference on
                   Automated Deduction (CADE'90)"}
@string{CADE-92 = "Proceedings of the Eleventh International Conference on
                   Automated Deduction (CADE'92)"}
@string{CADE-94 = "Proceedings of the Twelfth International Conference on
                   Automated Deduction (CADE'94)"}
@string{CADE-96 = "Proceedings of the Thirteenth International Conference on
                   Automated Deduction (CADE'96)"}
@string{CADE-97 = "Proceedings of the Fourteenth International Conference on
                   Automated Deduction (CADE'97)"}
@string{CADE-98 = "Proceedings of the Fifteenth International Conference on
                   Automated Deduction (CADE'98)"}
@string{CADE-99 = "Proceedings of the Sixteenth International Conference on
                   Automated Deduction (CADE'99)"}
@string{CADE-2000 = "Proceedings of the Seventeenth International Conference on
                     Automated Deduction (CADE 2000)"}

@string{CIKM-92 = "Proceedings of the International Conference on Information
                   and Knowledge Management (CIKM'92)"}
@string{CIKM-94 = "Proceedings of the Third International Conference on
                   Information and Knowledge Management (CIKM'94)"}
@string{CIKM-95 = "Proceedings of the Fourth International Conference on
                   Information and Knowledge Management (CIKM'95)"}

@string{CSL-99 = "Proceedings of the Annual Conference of the European
                  Association for Computer Science Logic (CSL'99)"}

@string{ECAI-84 = "Proceedings of the Sixth European Conference on Artificial
                   Intelligence (ECAI'84)"}
@string{ECAI-86 = "Proceedings of the Seventh European Conference on
                   Artificial Intelligence (ECAI'86)"}
@string{ECAI-88 = "Proceedings of the Eighth European Conference on Artificial
                   Intelligence (ECAI'88)"}
@string{ECAI-90 = "Proceedings of the Ninth European Conference on Artificial
                   Intelligence (ECAI'90)"}
@string{ECAI-92 = "Proceedings of the Tenth European Conference on Artificial
                   Intelligence (ECAI'92)"}
@string{ECAI-94 = "Proceedings of the Eleventh European Conference on
                   Artificial Intelligence (ECAI'94)"}
@string{ECAI-96 = "Proceedings of the Twelfth European Conference on
                   Artificial Intelligence (ECAI'96)"}
@string{ECAI-98 = "Proceedings of the Thirteenth European Conference on
                   Artificial Intelligence (ECAI'98)"}
@string{ECAI-00 = "Proceedings of the Fourteenth European Conference on
                     Artificial Intelligence (ECAI '00)"}
@string{ECAI-02 = "Proceedings of the Sixteenth European Conference on
                     Artificial Intelligence (ECAI '02)"}

@string{FAPR-97 = "Proceeding of the International Joint Conference on
                   Qualitative and Quantitative Practical Reasoning
                   (ECSQARU/FAPR'97)"}

@string{ICCS-95 = "Proceedings of the Third International Conference on
                   Conceptual Structures (ICCS'95)"}
@string{ICCS-96 = "Proceedings of the Fourth International Conference on
                   Conceptual Structures (ICCS'96)"}
@string{ICCS-97 = "Proceedings of the Fifth International Conference on
                   Conceptual Structures (ICCS'97)"}
@string{ICCS-98 = "Proceedings of the Sixth International Conference on
                   Conceptual Structures (ICCS'98)"}
@string{ICCS-99 = "Proceedings of the Seventh International Conference on
                   Conceptual Structures (ICCS'99)"}

@string{ICLP-89 = "Proceedings of the Sixth International Conference on
                   Logic Programming (ICLP'89)"}
@string{ICLP-90 = "Proceedings of the Seventh International Conference on
                   Logic Programming (ICLP'90)"}
@string{ICLP-91 = "Proceedings of the Eighth International Conference on
                   Logic Programming (ICLP'91)"}
@string{IJCSLP-92 = "Proceedings of the International Joint Conference and
                     Symposium on Logic Programming (IJCSLP'92)"}
@string{ICLP-93 = "Proceedings of the Tenth International Conference on
                   Logic Programming (ICLP'93)"}
@string{ICLP-94 = "Proceedings of the Eleventh International Conference on
                   Logic Programming (ICLP'94)"}
@string{ICLP-95 = "Proceedings of the Twelfth International Conference on
                   Logic Programming (ICLP'95)"}

@string{ICTAI-96 = "Proceedings of the Eighth IEEE International Conference on
                    Tools with Artificial Intelligence (ICTAI'96)"}

@string{ISMIS-88 = "Proceedings of the Third International Symposium on
                    Methodologies for Intelligent Systems (ISMIS'88)"}
@string{ISMIS-90 = "Proceedings of the Fifth International Symposium on
                    Methodologies for Intelligent Systems (ISMIS'90)"}
@string{ISMIS-93 = "Proceedings of the Seventh International Symposium on
                    Methodologies for Intelligent Systems (ISMIS'93)"}
@string{ISMIS-94 = "Proceedings of the Eigth International Symposium on
                    Methodologies for Intelligent Systems (ISMIS'94)"}
@string{ISMIS-97 = "Proceedings of the Tenth International Symposium on
                    Methodologies for Intelligent Systems (ISMIS'97)"}
@string{ISMIS-99 = "Proceedings of the Twelfth International Symposium on
                    Methodologies for Intelligent Systems (ISMIS'99)"}
@string{ISMIS-02 = "Proceedings of the Thirteenth International Symposium on
                    Methodologies for Intelligent Systems (ISMIS'02)"}

@string{IJCAI-77 = "Proceedings of the Fifth International Joint Conference
                    on Artificial Intelligence (IJCAI'77)"}
@string{IJCAI-79 = "Proceedings of the Sixth International Joint Conference
                    on Artificial Intelligence (IJCAI'79)"}
@string{IJCAI-81 = "Proceedings of the Seventh International Joint Conference
                    on Artificial Intelligence (IJCAI'81)"}
@string{IJCAI-83 = "Proceedings of the Eighth International Joint Conference
                    on Artificial Intelligence (IJCAI'83)"}
@string{IJCAI-85 = "Proceedings of the Ninth International Joint Conference
                    on Artificial Intelligence (IJCAI'85)"}
@string{IJCAI-87 = "Proceedings of the Tenth International Joint Conference
                    on Artificial Intelligence (IJCAI'87)"}
@string{IJCAI-89 = "Proceedings of the Eleventh International Joint Conference
                    on Artificial Intelligence (IJCAI'89)"}
@string{IJCAI-91 = "Proceedings of the Twelfth International Joint Conference
                    on Artificial Intelligence (IJCAI'91)"}
@string{IJCAI-93 = "Proceedings of the Thirteenth International Joint
                    Conference on Artificial Intelligence (IJCAI'93)"}
@string{IJCAI-95 = "Proceedings of the Fourteenth International Joint
                    Conference on Artificial Intelligence (IJCAI'95)"}
@string{IJCAI-97 = "Proceedings of the Fifteenth International Joint
                    Conference on Artificial Intelligence (IJCAI'97)"}
@string{IJCAI-99 = "Proceedings of the Sixteenth International Joint
                    Conference on Artificial Intelligence (IJCAI'99)"}
@string{IJCAI-2001 = "Proceedings of the Seventeenth International Joint
                      Conference on Artificial Intelligence (IJCAI 2001)"}

@string{KR-89 = "Proceedings of the First International Conference on the
                 Principles of Knowledge Representation and Reasoning (KR'89)"}
@string{KR-91 = "Proceedings of the Second International Conference on the
                 Principles of Knowledge Representation and Reasoning (KR'91)"}
@string{KR-92 = "Proceedings of the Third International Conference on the
                 Principles of Knowledge Representation and Reasoning (KR'92)"}
@string{KR-94 = "Proceedings of the Fourth International Conference on the
                 Principles of Knowledge Representation and Reasoning (KR'94)"}
@string{KR-96 = "Proceedings of the Fifth International Conference on the
                 Principles of Knowledge Representation and Reasoning (KR'96)"}
@string{KR-98 = "Proceedings of the Sixth International Conference on
                 Principles of Knowledge Representation and Reasoning (KR'98)"}
@string{KR-2000 = "Proceedings of the Seventh International Conference on
               Principles of Knowledge Representation and Reasoning (KR'2000)"}

@string{LICS-86 = "Proceedings of the First IEEE Symposium on Logic in
                   Computer Science (LICS'86)"}
@string{LICS-87 = "Proceedings of the Second IEEE Symposium on Logic in
                   Computer Science (LICS'87)"}
@string{LICS-88 = "Proceedings of the Third IEEE Symposium on Logic in
                   Computer Science (LICS'88)"}
@string{LICS-89 = "Proceedings of the Fourth IEEE Symposium on Logic in
                   Computer Science (LICS'89)"}
@string{LICS-90 = "Proceedings of the Fifth IEEE Symposium on Logic in
                   Computer Science (LICS'90)"}
@string{LICS-91 = "Proceedings of the Sixth IEEE Symposium on Logic in
                   Computer Science (LICS'91)"}
@string{LICS-92 = "Proceedings of the Seventh IEEE Symposium on Logic in
                   Computer Science (LICS'92)"}
@string{LICS-93 = "Proceedings of the Eight IEEE Symposium on Logic in
                   Computer Science (LICS'93)"}
@string{LICS-94 = "Proceedings of the Ninth IEEE Symposium on Logic in
                   Computer Science (LICS'94)"}
@string{LICS-95 = "Proceedings of the Tenth IEEE Symposium on Logic in
                   Computer Science (LICS'95)"}
@string{LICS-96 = "Proceedings of the Eleventh IEEE Symposium on Logic in
                   Computer Science (LICS'96)"}
@string{LICS-97 = "Proceedings of the Twelfth IEEE Symposium on Logic in
                   Computer Science (LICS'97)"}
@string{LICS-98 = "Proceedings of the Thirteenth IEEE Symposium on Logic in
                   Computer Science (LICS'98)"}

@string{LOPSTR-92 = "Proceedings of the International Workshop on Logic
                     Program Synthesis and Transformation (LOPSTR'92)"}

@string{LPAR-99 = "Proceedings of the Sixth International Conference on
                   Logic for Programming and Automated Reasoning (LPAR'99)"}

@string{META-92 = "Proceedings of the International Conference on
                   Meta-Programming (META'92)"}

@string{PEG-93 = "Proceedings of the Seventh International PEG Conference
                  (PEG'93)"}

@string{PLILP-94 = "Proceedings of the Sixth International Symposium on
                    Programming Language Implementation and Logic Programming
                    (PLILP'94)"}

@string{PRICAI-90 = "Proceedings of the Pacific Rim Conference on Artificial
                     Intelligence (PRICAI'90)"}

@string{TABLEAUX-95 = "Proceedings of the Fourth Workshop on Theorem Proving
                       with Analytic Tableaux and Related Methods"}
@string{TABLEAUX-96 = "Proceedings of the Fifth Workshop on Theorem Proving
                     with Analytic Tableaux and Related Methods (TABLEAUX'96)"}
@string{TABLEAUX-97 = "Proceedings of the International Conference on Analytic
                       Tableaux and Related Methods (TABLEAUX'97)"}
@string{TABLEAUX-98 = "Proceedings of the Second International Conference on
                       Analytic Tableaux and Related Methods (TABLEAUX'98)"}
@string{TABLEAUX-99 = "Proceedings of the Third International Conference on
                       Analytic Tableaux and Related Methods (TABLEAUX'99)"}
@string{TABLEAUX-2000 = "Proceedings of the Fourth International Conference on
                        Analytic Tableaux and Related Methods (TABLEAUX 2000)"}

@string{TARK-86 = "Proceedings of the First Conference on Theoretical
                   Aspects of Reasoning about Knowledge (TARK'86)"}
@string{TARK-88 = "Proceedings of the Second Conference on Theoretical
                   Aspects of Reasoning about Knowledge (TARK'88)"}
@string{TARK-90 = "Proceedings of the Third Conference on Theoretical
                   Aspects of Reasoning about Knowledge (TARK'90)"}
@string{TARK-92 = "Proceedings of the Fourth Conference on Theoretical
                   Aspects of Reasoning about Knowledge (TARK'92)"}
@string{TARK-94 = "Proceedings of the Fifth Conference on Theoretical
                   Aspects of Reasoning about Knowledge (TARK'94)"}
@string{TARK-96 = "Proceedings of the Sixth Conference on Theoretical
                   Aspects of Reasoning about Knowledge (TARK'96)"}

@string{WOCFAI-95 = "Proceedings of the Second World Conference on the
                     Fundamentals of Artificial Intelligence (WOCFAI'95)"}

%%%%% ARTIFICIAL INTELLIGENCE  ARTIFICIAL INTELLIGENCE  ARTIFICIAL INTELLIGENCE
%%%%% WORKSHOPS

@string{DL-94 = "Proceedings of the 1994 Description Logics Workshop (DL'94)"}
@string{DL-95 = "Proceedings of the 1995 Description Logics Workshop (DL'95)"}
@string{DL-96 = "Proceedings of the 1996 Description Logics Workshop (DL'96)"}
@string{DL-97 = "Proceedings of the 1997 Description Logics Workshop (DL'97)"}
@string{DL-98 = "Proceedings of the 1998 Description Logics Workshop (DL'98)"}
@string{DL-99 = "Proceedings of the 1999 Description Logics Workshop (DL'99)"}
@string{DL-2000 = "Proceedings of the 2000 Description Logics Workshop
                   (DL 2000)"}

@string{JELIA-94 = "Proceedings of the Fourth European Workshop on Logics in
                    Artificial Intelligence (JELIA'94)"}
@string{JELIA-96 = "Proceedings of the Fifth European Workshop on Logics in
                    Artificial Intelligence (JELIA'96)"}
@string{JELIA-98 = "Proceedings of the Sixth European Workshop on Logics in
                    Artificial Intelligence (JELIA'98)"}

@string{LPNMR-91 = "Proceedings of the First International Workshop on Logic
                    Programming and Non-monotonic Reasoning (LPNMR'91)"}
@string{LPNMR-93 = "Proceedings of the Second International Workshop on Logic
                    Programming and Non-monotonic Reasoning (LPNMR'93)"}
@string{LPNMR-95 = "Proceedings of the Third International Workshop on Logic
                    Programming and Non-monotonic Reasoning (LPNMR'95)"}
@string{LPNMR-97 = "Proceedings of the Fourth International Conference on Logic
                    Programming and Nonmonotonic Reasoning (LPNMR'97)"}
@string{LPNMR-99 = "Proceedings of the Fifth International Conference on Logic
                    Programming and Nonmonotonic Reasoning (LPNMR'99)"}

@string{NRAC-99 = "Workshop notes of the Third Workshop on Nonmonotonic
           Reasoning, Action, and Change (NRAC'99)"}

@string{PADL-99 = "Proceedings of the First International Workshop on
                   Practical Aspects of Declarative Languages (PADL'99)"}

%%%%% ARTIFICIAL INTELLIGENCE  ARTIFICIAL INTELLIGENCE  ARTIFICIAL INTELLIGENCE
%%%%% NATIONAL

@string{AI*IA-91 = "Proceedings of the Second Conference of the Italian
                    Association for Artificial Intelligence (AI*IA'91)"}
@string{AI*IA-93 = "Proceedings of the Third Conference of the Italian
                    Association for Artificial Intelligence (AI*IA'93)"}
@string{AI*IA-95 = "Proceedings of the Fourth Conference of the Italian
                    Association for Artificial Intelligence (AI*IA'95)"}
@string{AI*IA-96 = "Proceedings of the Fifth {AI*IA} Symposium"}
@string{AI*IA-97 = "Proceedings of the Fifth Conference of the Italian
                    Association for Artificial Intelligence (AI*IA'97)"}
@string{AI*IA-99 = "Proceedings of the Sixth Conference of the Italian
                    Association for Artificial Intelligence (AI*IA'99)"}

@string{AI*IA-01 = "Proceedings of the Eighth Conference of the Italian
                    Association for Artificial Intelligence (AI*IA'99)"}


@string{AI-90 = "Proceedings of the Fourth Australian Joint Artificial
                 Intelligence Conference (AI'90)"}
@string{AI-95 = "Proceedings of the Eighth Australian Joint Artificial
                 Intelligence Conference (AI'95)"}

@string{EPIA-95 = "Proceedings of the Seventh Portuguese
                   Conference on Artificial Intelligence (EPIA'95)"}

@string{KI-94 = "Proceedings of the Eighteenth German Annual Conference on
                 Artificial Intelligence (KI'94)"}
@string{KI-96 = "Proceedings of the Twentieth German Annual Conference on
                 Artificial Intelligence (KI'96)"}
@string{KI-01 = "Proceedings of the Twentyfifth  German Annual Conference on
                 Artificial Intelligence (KI'01)- Workshop on Application of Description Logics"}

@string{NACLP-90 = "Proceedings of the North American Conference on
                    Logic Programming (NACLP'90)"}


%%%%% DATABASE  DATABASE  DATABASE  DATABASE  DATABASE  DATABASE
%%%%% DATABASE  DATABASE  DATABASE  DATABASE  DATABASE  DATABASE
%%%%% DATABASE  DATABASE  DATABASE  DATABASE  DATABASE  DATABASE

@string{ADTI-94 = "Proceedings of the International Symposium on Advanced
                   Database Technologies and Their Integration (ADTI'94)"}

@string{CAiSE-98 = "Proceedings of the Tenth Conference on Advanced
                    Information Systems Engineering (CAiSE'98)"}
@string{CAiSE-99 = "Proceedings of the Eleventh Conference on Advanced
                    Information Systems Engineering (CAiSE'99)"}
@string{CAiSE-2000 = "Proceedings of the Twelfth Conference on Advanced
                      Information Systems Engineering (CAiSE 2000)"}

@string{CoopIS-93 = "Proceedings of the International Conference on
                     Cooperative Information Systems (CoopIS'93)"}
@string{CoopIS-94 = "Proceedings of the Second International Conference on
                     Cooperative Information Systems (CoopIS'94)"}
@string{CoopIS-95 = "Proceedings of the Third International Conference on
                     Cooperative Information Systems (CoopIS'95)"}
@string{CoopIS-96 = "Proceedings of the Fourth International Conference on
                     Cooperative Information Systems (CoopIS'96)"}
@string{CoopIS-97 = "Proceedings of the Fifth International Conference on
                     Cooperative Information Systems (CoopIS'97)"}
@string{CoopIS-98 = "Proceedings of the Sixth International Conference on
                     Cooperative Information Systems (CoopIS'98)"}
@string{CoopIS-99 = "Proceedings of the Seventh International Conference on
                     Cooperative Information Systems (CoopIS'99)"}
@string{CoopIS-2000 = "Proceedings of the Eighth International Conference on
                       Cooperative Information Systems (CoopIS 2000)"}

@string{DBPL-97 = "Proceedings of the Sixth International Workshop on
                   Database Programming Languages (DBPL'97)"}

@string{EDBT-92 = "Proceedings of the Third International Conference on
                   Extending Database Technology (EDBT'92)"}
@string{EDBT-94 = "Proceedings of the Fourth International Conference on
                   Extending Database Technology (EDBT'94)"}
@string{EDBT-96 = "Proceedings of the Fifth International Conference on
                   Extending Database Technology (EDBT'96)"}
@string{EDBT-98 = "Proceedings of the Sixth International Conference on
                   Extending Database Technology (EDBT'98)"}
@string{EDBT-2000 = "Proceedings of the Seventh International Conference on
                     Extending Database Technology (EDBT 2000)"}

@string{DOOD-89 = "Proceedings of the First International Conference on
                   Deductive and Object-Oriented Databases (DOOD'89)"}
@string{DOOD-91 = "Proceedings of the Second International Conference on
                   Deductive and Object-Oriented Databases (DOOD'91)"}
@string{DOOD-93 = "Proceedings of the Third International Conference on
                   Deductive and Object-Oriented Databases (DOOD'93)"}
@string{DOOD-95 = "Proceedings of the Fourth International Conference on
                   Deductive and Object-Oriented Databases (DOOD'95)"}
@string{DOOD-97 = "Proceedings of the Fifth International Conference on
                   Deductive and Object-Oriented Databases (DOOD'97)"}

@string{ER-83 = "Proceedings of the International Conference on the
                 Entity-Rela\-tion\-ship Approach to Software Engineering"}
@string{ER-90 = "Proceedings of the Ninth International Conference on the
                 Entity-Rela\-tion\-ship Approach (ER'90)"}
@string{ER-91 = "Proceedings of the Tenth International Conference on the
                 Entity-Rela\-tion\-ship Approach (ER'91)"}
@string{ER-92 = "Proceedings of the Eleventh International Conference on the
                 Entity-Rela\-tion\-ship Approach (ER'92)"}
@string{ER-93 = "Proceedings of the Twelfth International Conference on the
                 Entity-Rela\-tion\-ship Approach (ER'93)"}
@string{ER-94 = "Proceedings of the Thirteenth International Conference on the
                 Entity-Rela\-tion\-ship Approach (ER'94)"}
@string{ER-95 = "Proceedings of the Fourteenth International Conference on
                 Object-Oriented and Entity-Relationship Modelling (OOER'95)"}
@string{ER-96 = "Proceedings of the Fifteenth International Conference on
                 Conceptual Modeling (ER'96)"}
@string{ER-97 = "Proceedings of the Sixteenth International Conference on
                 Conceptual Modeling (ER'97)"}
@string{ER-98 = "Proceedings of the Seventeenth International Conference on
                 Conceptual Modeling (ER'98)"}
@string{ER-99 = "Proceedings of the Eighteenth International Conference on
                 Conceptual Modeling (ER'99)"}
@string{ER-2000 = "Proceedings of the Nineteenth International Conference on
                   Conceptual Modeling (ER 2000)"}

@string{ECDL-99 = "Proceedings of the Third European Conference on Research and
                   Advanced Technology for Digital Libraries (ECDL'99)"}

@string{ICDE-86 = "Proceedings of the Second IEEE International Conference on
                   Data Engineering (ICDE'86)"}
@string{ICDE-87 = "Proceedings of the Third IEEE International Conference on
                   Data Engineering (ICDE'87)"}
@string{ICDE-89 = "Proceedings of the Fifth IEEE International Conference on
                   Data Engineering (ICDE'89)"}
@string{ICDE-93 = "Proceedings of the Ninth IEEE International Conference on
                   Data Engineering (ICDE'93)"}
@string{ICDE-94 = "Proceedings of the Tenth IEEE International Conference on
                   Data Engineering (ICDE'94)"}
@string{ICDE-95 = "Proceedings of the Eleventh IEEE International Conference on
                   Data Engineering (ICDE'95)"}
@string{ICDE-96 = "Proceedings of the Twelfth IEEE International Conference on
                   Data Engineering (ICDE'96)"}
@string{ICDE-97 = "Proceedings of the Thirteenth IEEE International Conference
                   on Data Engineering (ICDE'97)"}
@string{ICDE-98 = "Proceedings of the Fourteenth IEEE International Conference
                   on Data Engineering (ICDE'98)"}
@string{ICDE-99 = "Proceedings of the Fifteenth IEEE International Conference
                   on Data Engineering (ICDE'99)"}
@string{ICDE-2000 = "Proceedings of the Sixteenth IEEE International Conference
                     on Data Engineering (ICDE 2000)"}



%%% MANTENUTE SOLO PER COMPATIBILITA` -- USARE ICDE-xx -- NON AGGIORNARE
@string{DE-86 = "Proceedings of the Second IEEE International Conference on
                 Data Engineering (ICDE'86)"}
@string{DE-87 = "Proceedings of the Third IEEE International Conference on
                 Data Engineering (ICDE'87)"}
@string{DE-89 = "Proceedings of the Fifth IEEE International Conference on
                 Data Engineering (ICDE'89)"}
@string{DE-93 = "Proceedings of the Ninth IEEE International Conference on
                 Data Engineering (ICDE'93)"}
@string{DE-94 = "Proceedings of the Tenth IEEE International Conference on
                 Data Engineering (ICDE'94)"}
%%% NON AGGIORNARE -- FINE

@string{ICDT-88 = "Proceedings of the International Conference on Database
                   Theory (ICDT'88)"}
@string{ICDT-90 = "Proceedings of the Third International Conference on
                   Database Theory (ICDT'90)"}
@string{ICDT-92 = "Proceedings of the Fourth International Conference on
                   Database Theory (ICDT'92)"}
@string{ICDT-95 = "Proceedings of the Fifth International Conference on
                   Database Theory (ICDT'95)"}
@string{ICDT-97 = "Proceedings of the Sixth International Conference on
                   Database Theory (ICDT'97)"}
@string{ICDT-99 = "Proceedings of the Seventh International Conference on
                   Database Theory (ICDT'99)"}
@string{ICDT-2001 = "Proceedings of the Eighteenth International Conference on
                     Database Theory (ICDT 2001)"}

@string{IPSI-94 = "Proceedings of IPSI Conference (IPSI'94)"}

@string{PODS-82 = "Proceedings of the First ACM SIGACT SIGMOD Symposium on
                   Principles of Database Systems (PODS'82)"}
@string{PODS-83 = "Proceedings of the Second ACM SIGACT SIGMOD Symposium on
                   Principles of Database Systems (PODS'83)"}
@string{PODS-84 = "Proceedings of the Third ACM SIGACT SIGMOD Symposium on
                   Principles of Database Systems (PODS'84)"}
@string{PODS-85 = "Proceedings of the Fourth ACM SIGACT SIGMOD Symposium on
                   Principles of Database Systems (PODS'85)"}
@string{PODS-86 = "Proceedings of the Fifth ACM SIGACT SIGMOD Symposium on
                   Principles of Database Systems (PODS'86)"}
@string{PODS-87 = "Proceedings of the Sixth ACM SIGACT SIGMOD SIGART
                   Symposium on Principles of Database Systems (PODS'87)"}
@string{PODS-88 = "Proceedings of the Seventh ACM SIGACT SIGMOD SIGART
                   Symposium on Principles of Database Systems (PODS'88)"}
@string{PODS-89 = "Proceedings of the Eighth ACM SIGACT SIGMOD SIGART
                   Symposium on Principles of Database Systems (PODS'89)"}
@string{PODS-90 = "Proceedings of the Ninth ACM SIGACT SIGMOD SIGART
                   Symposium on Principles of Database Systems (PODS'90)"}
@string{PODS-91 = "Proceedings of the Tenth ACM SIGACT SIGMOD SIGART
                   Symposium on Principles of Database Systems (PODS'91)"}
@string{PODS-92 = "Proceedings of the Eleventh ACM SIGACT SIGMOD SIGART
                   Symposium on Principles of Database Systems (PODS'92)"}
@string{PODS-93 = "Proceedings of the Twelfth ACM SIGACT SIGMOD SIGART
                   Symposium on Principles of Database Systems (PODS'93)"}
@string{PODS-94 = "Proceedings of the Thirteenth ACM SIGACT SIGMOD SIGART
                   Symposium on Principles of Database Systems (PODS'94)"}
@string{PODS-95 = "Proceedings of the Fourteenth ACM SIGACT SIGMOD SIGART
                   Symposium on Principles of Database Systems (PODS'95)"}
@string{PODS-96 = "Proceedings of the Fifteenth ACM SIGACT SIGMOD SIGART
                   Symposium on Principles of Database Systems (PODS'96)"}
@string{PODS-97 = "Proceedings of the Sixteenth ACM SIGACT SIGMOD SIGART
                   Symposium on Principles of Database Systems (PODS'97)"}
@string{PODS-98 = "Proceedings of the Seventeenth ACM SIGACT SIGMOD SIGART
                   Symposium on Principles of Database Systems (PODS'98)"}
@string{PODS-99 = "Proceedings of the Eighteenth ACM SIGACT SIGMOD SIGART
                   Symposium on Principles of Database Systems (PODS'99)"}
@string{PODS-2000 = "Proceedings of the Nineteenth ACM SIGACT SIGMOD SIGART
                     Symposium on Principles of Database Systems (PODS 2000)"}

@string{SEBD-94 = "Proceedings of the Second Italian Conference on
                   Database Systems (SEBD'94)"}
@string{SEBD-98 = "Proceedings of the Sixth Italian Conference on
                   Database Systems (SEBD'98)"}
@string{SEBD-99 = "Proceedings of the Seventh Italian Conference on
                   Database Systems (SEBD'99)"}

@string{SIGMOD = "Proceedings of the ACM SIGMOD International Conference on
                  Management of Data"}

@string{VLDB-77 = "Proceedings of the Third International Conference on
                   Very Large Data Bases (VLDB'77)"}
@string{VLDB-78 = "Proceedings of the Fourth International Conference on
                   Very Large Data Bases (VLDB'78)"}
@string{VLDB-79 = "Proceedings of the Fifth International Conference on
                   Very Large Data Bases (VLDB'79)"}
@string{VLDB-80 = "Proceedings of the Sixth International Conference on
                   Very Large Data Bases (VLDB'80)"}
@string{VLDB-81 = "Proceedings of the Seventh International Conference on
                   Very Large Data Bases (VLDB'81)"}
@string{VLDB-82 = "Proceedings of the Eighth International Conference on
                   Very Large Data Bases (VLDB'82)"}
@string{VLDB-83 = "Proceedings of the Ninth International Conference on
                   Very Large Data Bases (VLDB'83)"}
@string{VLDB-84 = "Proceedings of the Tenth International Conference on
                   Very Large Data Bases (VLDB'84)"}
@string{VLDB-85 = "Proceedings of the Eleventh International Conference on
                   Very Large Data Bases (VLDB'85)"}
@string{VLDB-86 = "Proceedings of the Twelth International Conference on
                   Very Large Data Bases (VLDB'86)"}
@string{VLDB-87 = "Proceedings of the Thirteenth International Conference on
                   Very Large Data Bases (VLDB'87)"}
@string{VLDB-88 = "Proceedings of the Fourteenth International Conference on
                   Very Large Data Bases (VLDB'88)"}
@string{VLDB-89 = "Proceedings of the Fifteenth International Conference on
                   Very Large Data Bases (VLDB'89)"}
@string{VLDB-90 = "Proceedings of the Sixteenth International Conference on
                   Very Large Data Bases (VLDB'90)"}
@string{VLDB-91 = "Proceedings of the Seventeenth International Conference on
                   Very Large Data Bases (VLDB'91)"}
@string{VLDB-92 = "Proceedings of the Eighteenth International Conference on
                   Very Large Data Bases (VLDB'92)"}
@string{VLDB-93 = "Proceedings of the Nineteenth International Conference on
                   Very Large Data Bases (VLDB'93)"}
@string{VLDB-94 = "Proceedings of the Twentieth International Conference on
                   Very Large Data Bases (VLDB'94)"}
@string{VLDB-95 = "Proceedings of the Twentyfirst International Conference on
                   Very Large Data Bases (VLDB'95)"}
@string{VLDB-96 = "Proceedings of the Twentysecond International Conference on
                   Very Large Data Bases (VLDB'96)"}
@string{VLDB-97 = "Proceedings of the Twentythird International Conference on
                   Very Large Data Bases (VLDB'97)"}
@string{VLDB-98 = "Proceedings of the Twentyfourth International Conference on
                   Very Large Data Bases (VLDB'98)"}
@string{VLDB-99 = "Proceedings of the Twentyfifth International Conference on
                   Very Large Data Bases (VLDB'99)"}
@string{VLDB-2000 = "Proceedings of the Twentysixth International Conference on
                   Very Large Data Bases (VLDB 2000)"}

@string{VDB4 = "Proceedings of the Fourth International Conference on
                   Visual Data Bases (VDB4)"}


%%%%% IMAGE RETRIEVAL, INFORMATION RETRIEVAL, MULTIMEDIA, PATTERN RECOGNITION
%%%%% IMAGE RETRIEVAL, INFORMATION RETRIEVAL, MULTIMEDIA, PATTERN RECOGNITION
%%%%% IMAGE RETRIEVAL, INFORMATION RETRIEVAL, MULTIMEDIA, PATTERN RECOGNITION

@string{CBMI-01 ="Proceedings of International Workshop on Content-Based Multimedia Indexing (CBMI'01)"}

@string{CG-96 = "Proceedings of the 12th ACM Symposium on Computational Geometry"}
@string{CG-97 = "Proceedings of the 13th ACM Symposium on Computational Geometry"}

@string{CVPR-98 = "Proceedings of IEEE International Conference on
                      Computer Vision and Pattern Recognition (CVPR'98)"}

@string{EUSIPCO-00 = "Proceedings of the Xth European Signal Processing Conference (EUSIPCO'00)"}

@string{ICASSP-93 = "Proceedings of the IEEE International Conference
                     on Acoustics Speech and Signal Processing (ICASSP'93)"}

@string{ICIAP-97 = "Proceedings of the International Conference
                     on Image Analysis and Processing (ICIAP'97)"}

@string{ICIP-96 = "Proceedings of the  IEEE International Conference
                     on Image Processing (ICIP'96)"}
@string{ICIP-97 = "Proceedings of the  IEEE International Conference
                     on Image Processing (ICIP'97)"}

@string{ICMCS-97 = "Proceedings of the IEEE International Conference
                     on Multimedia Computing and Systems(ICMCS'97)"}
@string{ICMCS-99 = "Proceedings of the IEEE International Conference
                     on Multimedia Computing and Systems(ICMCS'99)"}

@string{ID-96 = "Proceedings of the 1st Workshop on Image Databases and Multimedia Search"}

@string{MM-96 = "Proceedings of the fourth ACM International Conference
                 on Multimedia (Multimedia'96)"}

@string{SIGIR-85 = "Proceedings of the 8th Annual International ACM SIGIR Conference
                     on Research and Developement in Information Retrieval (SIGIR'85)"}
@string{SIGIR-98 = "Proceedings of the 21st Annual International ACM SIGIR Conference
                     on Research and Developement in Information Retrieval (SIGIR'98)"}

@string{SIGGRAPH-95 = "Proceedings of the 22nd Annual Conference
                     on Computer Graphics and Interactive Techniques (SIGGRAPH'95)"}


@string{SPIE-95 = "Storage and Retrieval for Image and Video Databases III"}
@string{SPIE-96 = "Storage and Retrieval for Image and Video Databases IV"}
@string{SPIE-99 = "Storage and Retrieval for Image and Video Databases VII"}

%%%%% SOFTWARE ENGINEERING   SOFTWARE ENGINEERING   SOFTWARE ENGINEERING
%%%%% SOFTWARE ENGINEERING   SOFTWARE ENGINEERING   SOFTWARE ENGINEERING
%%%%% SOFTWARE ENGINEERING   SOFTWARE ENGINEERING   SOFTWARE ENGINEERING

@string{ICSE-01 = "Proceedings of the 23st IEEE International Conference on
                   Software Engineering (ICSE'01)"}
@string{ICSE-99 = "Proceedings of the 21st IEEE International Conference on
                   Software Engineering (ICSE'99)"}

@string{ICSM-00 = "Proceedings of the IEEE International Conference on
                  Software Maintenance (ICSM'00)"}

@string{SEKE-02 = "Proceedings of the Fourteenth International Conference on
                    Software Engineering and Knowledge Engineering (SEKE'02)"}

%%%%% THEORY  THEORY  THEORY  THEORY  THEORY  THEORY  THEORY
%%%%% THEORY  THEORY  THEORY  THEORY  THEORY  THEORY  THEORY
%%%%% THEORY  THEORY  THEORY  THEORY  THEORY  THEORY  THEORY

@string{FCT-83 = "Proceedings of the International Conference on Foundations
                  of Computation Theory (FCT'83)"}
@string{FCT-97 = "Proceedings of the 11th International Symposium on
                  Fundamentals of Computation Theory (FCT'97)"}

@string{FOCS-79 = "Proceedings of the Twentieth Annual Symposium on the
                   Foundations of Computer Science (FOCS'79)"}
@string{FOCS-81 = "Proceedings of the Twentysecond Annual Symposium on the
                   Foundations of Computer Science (FOCS'81)"}
@string{FOCS-88 = "Proceedings of the Twentyninth Annual Symposium on the
                   Foundations of Computer Science (FOCS'88)"}
@string{FOCS-89 = "Proceedings of the Thirtieth Annual Symposium on the
                   Foundations of Computer Science (FOCS'89)"}
@string{FOCS-91 = "Proceedings of the Thirtysecond Annual Symposium on the
                   Foundations of Computer Science (FOCS'91)"}
@string{FOCS-92 = "Proceedings of the Thirtythird Annual Symposium on the
                   Foundations of Computer Science (FOCS'92)"}
@string{FOCS-93 = "Proceedings of the Thirtyfourth Annual Symposium on the
                   Foundations of Computer Science (FOCS'93)"}
@string{FOCS-97 = "Proceedings of the Thirtyeighth Annual Symposium on the
                   Foundations of Computer Science (FOCS'97)"}
@string{FOCS-98 = "Proceedings of the Thirtyninth Annual Symposium on the
                   Foundations of Computer Science (FOCS'98)"}

@string{ISTCS-96 = "Proceedings of the Fourth Israeli Symposium on Theory of
                    Computing and Systems (ISTCS'96)"}

@string{SCT-84 = "Proceedings of the Fifth Symposium on Computation Theory"}

@string{SODA-98= "Proceedings of the Ninth Annual ACM SIAM Symposium on Discrete Algorithms (SODA'98)"}

@string{STACS-91 = "Proceedings of the Eight Symposium on Theoretical Aspects
                 of Computer Science (STACS'91)"}
@string{STACS-93 = "Proceedings of the Tenth Symposium on Theoretical Aspects
                 of Computer Science (STACS'93)"}
@string{STACS-95 = "Proceedings of the Twelfth Symposium on Theoretical
                 Aspects of Computer Science  (STACS'95)"}

@string{STOC-71 = "Proceedings of the Third ACM Symposium on Theory of
                   Computing (STOC'71)"}
@string{STOC-73 = "Proceedings of the Fifth ACM Symposium on Theory of
                   Computing (STOC'73)"}
@string{STOC-74 = "Proceedings of the Sixth ACM Symposium on Theory of
                   Computing (STOC'74)"}
@string{STOC-76 = "Proceedings of the Eighth ACM Symposium on Theory of
                   Computing (STOC'76)"}
@string{STOC-77 = "Proceedings of the Ninth ACM Symposium on Theory of
                   Computing (STOC'77)"}
@string{STOC-78 = "Proceedings of the Tenth ACM Symposium on Theory of
                   Computing (STOC'78)"}
@string{STOC-80 = "Proceedings of the Twelfth ACM Symposium on Theory of
                   Computing (STOC'80)"}
@string{STOC-81 = "Proceedings of the Thirteenth ACM SIGACT Symposium on
                   Theory of Computing (STOC'81)"}
@string{STOC-82 = "Proceedings of the Fourteenth ACM SIGACT Symposium on
                   Theory of Computing (STOC'82)"}
@string{STOC-83 = "Proceedings of the Fifteenth ACM SIGACT Symposium on
                   Theory of Computing (STOC'83)"}
@string{STOC-84 = "Proceedings of the Sixteenth ACM SIGACT Symposium on
                   Theory of Computing (STOC'84)"}
@string{STOC-85 = "Proceedings of the Seventeenth ACM SIGACT Symposium on
                   Theory of Computing (STOC'85)"}
@string{STOC-86 = "Proceedings of the Eighteenth ACM SIGACT Symposium on
                   Theory of Computing (STOC'86)"}
@string{STOC-88 = "Proceedings of the Twentieth ACM SIGACT Symposium on
                   Theory of Computing (STOC'88)"}
@string{STOC-89 = "Proceedings of the Twentyfirst ACM SIGACT Symposium on
                   Theory of Computing (STOC'89)"}
@string{STOC-90 = "Proceedings of the Twentysecond ACM SIGACT Symposium on
                   Theory of Computing (STOC'90)"}
@string{STOC-91 = "Proceedings of the Twentythird ACM SIGACT Symposium on
                   Theory of Computing (STOC'91)"}
@string{STOC-92 = "Proceedings of the Twentyfourth ACM SIGACT Symposium on
                   Theory of Computing (STOC'92)"}
@string{STOC-93 = "Proceedings of the Twentyfifth ACM SIGACT Symposium on
                   Theory of Computing (STOC'93)"}
@string{STOC-94 = "Proceedings of the Twentysixth ACM SIGACT Symposium on
                   Theory of Computing (STOC'94)"}
@string{STOC-95 = "Proceedings of the Twentyseventh ACM SIGACT Symposium on
                   Theory of Computing (STOC'95)"}

@string{STRUCT-90 = "Proceedings of the Fifth Conference on Structure in
                     Complexity Theory (STRUCT'90)"}

@string{ECCC =  "Electronic Colloquium on Computational Complexity"}

%%%%% PROGRAMMING LANGUAGES   PROGRAMMING LANGUAGES   PROGRAMMING LANGUAGES
%%%%% PROGRAMMING LANGUAGES   PROGRAMMING LANGUAGES   PROGRAMMING LANGUAGES
%%%%% PROGRAMMING LANGUAGES   PROGRAMMING LANGUAGES   PROGRAMMING LANGUAGES

@string{POPL-80 = "Proceedings of the Seventh ACM SIGACT-SIGPLAN Symposium
                   on Principles of Programming Languages (POPL'80)"}
@string{POPL-88 = "Proceedings of the Fifteenth ACM SIGACT-SIGPLAN Symposium
                   on Principles of Programming Languages (POPL'88)"}
@string{POPL-97 = "Proceedings of the Twentyfourth ACM SIGACT-SIGPLAN Symposium
                   on Principles of Programming Languages (POPL'97)"}


%%%%% VERIFICATION VERIFICATION VERIFICATION VERIFICATION VERIFICATION
%%%%% VERIFICATION VERIFICATION VERIFICATION VERIFICATION VERIFICATION
%%%%% VERIFICATION VERIFICATION VERIFICATION VERIFICATION VERIFICATION

@string{CAV-93 = "Proceedings of the Fifth International Conference
                  on Computer Aided Verification (CAV'93)"}
@string{CAV-94 = "Proceedings of the Sixth International Conference
                  on Computer Aided Verification (CAV'94)"}
@string{CAV-95 = "Proceedings of the Seventh International Conference
                  on Computer Aided Verification (CAV'95)"}
@string{CAV-96 = "Proceedings of the Eighth International Conference
                  on Computer Aided Verification (CAV'96)"}
@string{CAV-97 = "Proceedings of the Ninth International Conference
                  on Computer Aided Verification (CAV'97)"}
@string{CAV-98 = "Proceedings of the Tenth International Conference
                  on Computer Aided Verification (CAV'98)"}
@string{CAV-01 = "Proceedings of the 13th International Conference
                  on Computer Aided Verification (CAV'01)"}
@string{CONCUR-96 = "Proceedings of the Seventh International Conference on
                     Concurrency Theory (CONCUR'96)"}

@string{ICALP-80 = "Proceedings of the Seventhth Colloquium on
                    Automata, Languages and Programming (ICALP'80)"}
@string{ICALP-81 = "Proceedings of the Eigth Colloquium on
                    Automata, Languages and Programming (ICALP'81)"}
@string{ICALP-82 = "Proceedings of the Ninth Colloquium on
                    Automata, Languages and Programming (ICALP'82)"}
@string{ICALP-83 = "Proceedings of the Tenth Colloquium on
                    Automata, Languages and Programming (ICALP'83)"}
@string{ICALP-84 = "Proceedings of the Eleventh Colloquium on
                    Automata, Languages and Programming (ICALP'84)"}
@string{ICALP-85 = "Proceedings of the Twelfth Colloquium on
                    Automata, Languages and Programming (ICALP'85)"}
@string{ICALP-86 = "Proceedings of the Thirteenth International Colloquium
                    on Automata, Languages and Programming (ICALP'86)"}
@string{ICALP-87 = "Proceedings of the Fourteenth International Colloquium
                    on Automata, Languages and Programming (ICALP'87)"}
@string{ICALP-88 = "Proceedings of the Fifteenth International Colloquium
                    on Automata, Languages and Programming (ICALP'88)"}
@string{ICALP-89 = "Proceedings of the Sixteenth International Colloquium
                    on Automata, Languages and Programming (ICALP'89)"}
@string{ICALP-90 = "Proceedings of the Seventeenth International Colloquium
                    on Automata, Languages and Programming (ICALP'90)"}
@string{ICALP-91 = "Proceedings of the Eighteenth International Colloquium
                    on Automata, Languages and Programming (ICALP'91)"}
@string{ICALP-92 = "Proceedings of the Nineteenth International Colloquium
                    on Automata, Languages and Programming (ICALP'92)"}
@string{ICALP-93 = "Proceedings of the Twentieth International Colloquium
                    on Automata, Languages and Programming (ICALP'93)"}
@string{ICALP-94 = "Proceedings of the Twentyfirst International Colloquium
                    on Automata, Languages and Programming (ICALP'94)"}
@string{ICALP-95 = "Proceedings of the Twentysecond International Colloquium
                    on Automata, Languages and Programming (ICALP'95)"}
@string{ICALP-96 = "Proceedings of the Twentythird International Colloquium
                    on Automata, Languages and Programming (ICALP'96)"}
@string{ICALP-97 = "Proceedings of the Twentyfourth International Colloquium
                    on Automata, Languages and Programming (ICALP'97)"}
@string{ICALP-98 = "Proceedings of the Twentyfifth International Colloquium
                    on Automata, Languages and Programming (ICALP'98)"}
@string{ICALP-99 = "Proceedings of the Twentysixth International Colloquium
                    on Automata, Languages and Programming (ICALP'99)"}
@string{ICALP-2000 = "Proceedings of the Twentyseventh International Colloquium
                      on Automata, Languages and Programming (ICALP 2000)"}

@string{WOLP-81 = "Proceedings of the First Workshop on Logics of Programs"}
@string{WOLP-83 = "Proceedings of the Second Workshop on Logics of Programs"}
@string{WOLP-85 = "Proceedings of the Fourth Workshop on Logics of Programs"}


%%%%% ALTRE ALTRE ALTRE ALTRE ALTRE ALTRE ALTRE ALTRE ALTRE ALTRE ALTRE ALTRE
%%%%% ALTRE ALTRE ALTRE ALTRE ALTRE ALTRE ALTRE ALTRE ALTRE ALTRE ALTRE ALTRE
%%%%% ALTRE ALTRE ALTRE ALTRE ALTRE ALTRE ALTRE ALTRE ALTRE ALTRE ALTRE ALTRE

@string{COCOON-95 = "Proceedings of the First Annual International Conference
                     on Computing and Combinatorics (COCOON'95)"}

@string{DISCO-93 = "Proceedings of the International Symposium DISCO'93"}

@string{FGCS-88 = "Proceedings of the International Conference on Fifth
                   Generation Computer Systems (FGCS'88)"}
@string{FGCS-92 = "Proceedings of the International Conference on Fifth
                   Generation Computer Systems (FGCS'92)"}

@string{TAPSOFT-93 = "Proceedings of the Fourth International Conference on
                      Theory and Practice of Software Development
                      (TAPSOFT'93)"}

@string{TOOLSEUROPE-99 = "Proceedings of the Twentyninth International
                          Conference on Technology of Object-Oriented
                          Languages and Systems (TOOLS-EUROPE'99)"}

%%% PER IL CURRICULUM

@string{AICA-00= "Atti del XXXVIII Congresso dell'Associazione Italiana
                  per il Calcolo Automatico (AICA'00)"}
@string{AICA-01= "Atti del XXXIX Congresso dell'Associazione Italiana
                  per il Calcolo Automatico (AICA'01)"}
@string{ICCT-00= "Proceedings of the International Conference on
                  Communication Technology (WCC/ICCT 2000)"}
@string{INDC-98= "Proceedings of the 7th IFIP/ICCC Conference on
                  Information Networks and Data Communictions (INDC'98)"}
@string{INPUT-01= "Atti della Seconda Conferenza Nazionale Informatica e
                  Pianificazione Urbana e Territoriale (INPUT'01)"}
@string{ITI-00= "Proceedings of 22rd Internatinal Conference on
                  Information Technology Interfaces (ITI'00)"}
@string{ITI-01= "Proceedings of 23rd Internatinal Conference on
                  Information Technology Interfaces (ITI'01)"}
@string{ITI-02= "Proceedings of 24rd Internatinal Conference on
                  Information Technology Interfaces (ITI'02)"}


%%%%% SPECIAL SERIES   SPECIAL SERIES   SPECIAL SERIES  SPECIAL SERIES
%%%%% SPECIAL SERIES   SPECIAL SERIES   SPECIAL SERIES  SPECIAL SERIES
%%%%% SPECIAL SERIES   SPECIAL SERIES   SPECIAL SERIES  SPECIAL SERIES

@string{LNCS = "Lecture Notes in Computer Science"}
@string{LNAI = "Lecture Notes in Artificial Intelligence"}

@string{ADT0 = "Logic and Databases"}
@string{ADT1 = "Advances in Database Theory"}
@string{ADT2 = "Advances in Database Theory II"}

@string{ACR3 = "Advances in Computing Research, Vol.\ 3"}

%%%%% JOURNALS JOURNALS JOURNALS JOURNALS JOURNALS JOURNALS JOURNALS JOURNALS
%%%%% JOURNALS JOURNALS JOURNALS JOURNALS JOURNALS JOURNALS JOURNALS JOURNALS
%%%%% JOURNALS JOURNALS JOURNALS JOURNALS JOURNALS JOURNALS JOURNALS JOURNALS

@string{AAI      = "Applied Artificial Intelligence"}
@string{ADM      = "Annals of Discrete Mathematics"}
@string{AI       = "Acta Informatica"}
@string{AIC      = "AI Communications---The European Journal for Artificial
                    Intelligence"}
@string{AIJ      = "Artificial Intelligence"}
@string{AIM      = "AI Magazine"}
@string{AIR      = "Artificial Intelligence Review"}
@string{AM       = "Annals of Mathematics"}
@string{AMAI     = "Annals of Mathematics and Artificial Intelligence"}
@string{APAI     = "Annals of Pure and Applied Logics"}
@string{ApI      = "Applied Intelligence"}
@string{CACM     = "Communications of the ACM"}
@string{CogSci   = "Cognitive Science"}
@string{CI       = "Computational Intelligence"}
@string{CIT      = "Journal of Computing and Information Technology"}
@string{CG       = "Computational Geometry"}
@string{CS       = "ACM Computing Surveys"}
@string{COMPUTER = "IEEE Computer"}
@string{DKE      = "Data and Knowledge Engineering"}
@string{DM       = "Discrete Mathematics"}
@string{DSS      = "Decision Support Systems"}
@string{EXPERT   = "IEEE Expert"}
@string{ETAI     = "Electronic Transactions on Artificial Intelligence"}
@string{FUND-INF = "Fundamenta Informaticae"}
@string{FCT      = "Fundamentals of Computation Theory"}
@string{IC       = "Information and Computation"}
@string{ICon     = "Information and Control"}
@string{ICOMP    = "Information and Computation"}
@string{IEEEBDE  = "IEEE Bulletin of the Technical Committee on Data
                    Engineering"}
@string{IGPL     = "Journal of the Interest Group in Pure and Applied Logic"}
@string{INT      = "IEEE Intelligent Systems"}
@string{IJDL     = "International Journal on Digital Libraries"}
@string{IJCIA    = "International Journal of Computational Intelligence and Applications"}
@string{INFOR    = "INFOR --- The Canadian Journal of Operational Research and
                    Information Processing"}
@string{IPL      = "Information Processing Letters"}
@string{IPM      = "Information Processing Management"}
@string{IS       = "Information Systems"}
@string{ISc      = "Information Sciences"}
@string{JACM     = "Journal of the ACM"}
@string{JApI     = "Journal of Applied Intelligence"}
@string{JAIR     = "Journal of Artificial Intelligence Research"}
@string{JANCL    = "Journal of Applied Non-Classical Logics"}
@string{JAR      = "Journal of Automated Reasoning"}
@string{JCSS     = "Journal of Computer and System Sciences"}
@string{JEI      = "Journal of Electronic Imaging"},
@string{JETAI    = "Journal of Experimental and Theoretical Computer Science"}
@string{JICIS    = "Journal of Intelligent and Cooperative Information Systems"}
@string{JIIS     = "Journal of Intelligent Information Systems"}
@string{JLC      = "Journal of Logic and Computation"}
@string{JLLI     = "Journal of Logic, Language and Information"}
@string{JLP      = "Journal of Logic Programming"}
@string{JPL      = "Journal of Philosophical Logic"}
@string{JSL      = "Journal of Symbolic Logic"}
@string{JVLC     = "Journal of Visual Languages and Computing"}
@string{MMS      = "MultiMedia Systems"}
@string{MM       = "{IEEE} MultiMedia"}
@string{MS       = "{ACM} MultiMedia Systems"}
@string{MSCS     = "Mathematical Structures in Computer Science"}
@string{NGC      = "New Generation Computing"}
@string{NDJFL    = "Notre Dame Journal of Formal Logic"}
@string{NISJ     = "Network and Information Systems"}
@string{PAMI     = "{IEEE} Transactions on Pattern Analysis and Machine Intelligence"}
@string{PRL      = "Pattern Recognition Letters"}
@string{RI       = "Rivista di Informatica"}
@string{SIAM-JOC = "{SIAM} Journal on Computing"}
@string{SIAM-JADM = "{SIAM} Journal on Algebraic and Discrete Methods"}
@string{SIGART   = "{SIGART} Bulletin"}
@string{SIGMODR  = "{SIGMOD} Record"}
@string{SL       = "Studia Logica"}
@string{SOFTWARE = "{IEEE} Software"}
@string{SPE      = "Software --- Practice and Experience"}
@string{TAMS     = "Transactions of the American Mathematical Society"}
@string{TCS      = "Theoretical Computer Science"}
@string{TKDE     = "{IEEE} Transactions on Knowledge and Data Engineering"}
@string{TOIP     = "{IEEE} Transactions on Image Processing"}
@string{TOC      = "{IEEE} Transactions on Computers"}
@string{TOCL     = "{ACM} Transactions on Computational Logic"}
@string{TODS     = "{ACM} Transactions on Database Systems"}
@string{TOOIS    = "{ACM} Transactions on Office Information Systems"}
@string{TOIS    = "{ACM} Transactions on Information Systems"}
@string{TOSE     = "{IEEE} Transactions on Software Engineering"}
@string{TOSEM    = "{ACM} Transactions on Software Engineering and
                    Methodology"}
@string{TSI      = "Technique et Science Informatiques"}
@string{TSMC      = "{IEEE} Transactions on Systems, Man, and
Cybernetics"}
@string{VLDBJ    = "Very Large Database Journal"}
@string{ZMLGM    = "Zeitschrift f{\"u}r mathematische Logik und Grundlagen der
                    Mathematik"}


%%%%% PUBLISHERS PUBLISHERS PUBLISHERS PUBLISHERS PUBLISHERS PUBLISHERS
%%%%% PUBLISHERS PUBLISHERS PUBLISHERS PUBLISHERS PUBLISHERS PUBLISHERS
%%%%% PUBLISHERS PUBLISHERS PUBLISHERS PUBLISHERS PUBLISHERS PUBLISHERS

@string{AAAIP = "{AAAI} Press/The {MIT} Press"}
@string{ACM = "ACM, New York"}
@string{AP = "Academic Press"}
@string{ACMP = "{ACM} Press and Addison Wesley"}
@string{AW = "Addison Wesley Publ.\ Co., Reading, Massachussetts"}
@string{BC = "Benjamin and Cummings Publ.\ Co., Menlo Park, California"}
@string{CP = "Clarendon Press"}
@string{CSP = "Computer Science Press, Potomac, Maryland"}
@string{CUP = "Cambridge University Press"}
@string{ESP = "Elsevier Science Publishers (North-Holland), Amsterdam"}
@string{ERI = "{ER} Institute, Saugus, California"}
@string{FA = "Franco Angeli"}
@string{IEEEP = "IEEE Computer Society Press"}
@string{JAI = "{JAI} Press"}
@string{JWS = "John Wiley \& Sons"}
@string{KAP = "Kluwer Academic Publisher"}
@string{MGH = "McGraw-Hill, New York"}
@string{MIT = "The {MIT} Press"}
@string{MK = "Morgan Kaufmann, Los Altos"}
@string{NH = "North-Holland Publ.\ Co., Amsterdam"}
@string{OUP = "Oxford University Press"}
@string{PH = "Prentice-Hall, Englewood Cliffs, New Jersey"}
@string{PITMAN = "Pitman"}
@string{PLENUM = "Plenum Publ.\ Co., New York"}
@string{PP = "Pergamon Press"}
@string{SV = "Springer-Verlag"}
@string{SPRINGER = "Springer"}
@string{WS = "World Scientific"}


%%%%% INSTITUTIONS INSTITUTIONS INSTITUTIONS INSTITUTIONS INSTITUTIONS
%%%%% INSTITUTIONS INSTITUTIONS INSTITUTIONS INSTITUTIONS INSTITUTIONS
%%%%% INSTITUTIONS INSTITUTIONS INSTITUTIONS INSTITUTIONS INSTITUTIONS

@string{DFKI = "Deutsches Forschungszentrum f{\"u}r
                K{\"u}nstliche Intelligenz (DFKI)"}
@string{DIS = "Dipartimento di Informatica e Sistemistica,
               Universit{\`a} di Roma ``La Sapienza''"}
@string{DEE = "Dipartimento di Elettrotecnica ed Elettronica,
               Politecnico di Bari"}
@string{DEES ="Dipartimento Elettrico, Elettronico e Sistemistico,
               Universit{\`a} di Catania"}

%%% Local Variables:
%%% save-place: t
%%% End:
