%% article in ordine cronologico decrescente e alfabetico crescente

@inproceedings{koch-kraus-02,
	author={N. Koch and A. Kraus},
	title={The expressive power of UML-based web engineering},
	booktitle={Proc. of IWOOST '02},
	year={2002 }
}

@article{ros-sch-02,
	author={G. Rossi and D. Schwabe},
	title={Object-Oriented design structures in web application models},
	journal={Annals of software engineering},
	volume= 13,
	year= 2002,
	pages={97--110},
	number= 1,
	date={July - August}
}

@article{ric-ton-02,
	author={F. Ricca and P. Tonella},
	title={Testing processes of web applications},
	journal={Annals of software engineering},
	volume= 14,
	year= 2002,
	pages={93--114},
	number= 1,
	date={december}
}

@article{fraternali-99,
	author={P. Fraternali},
	title={Tools and approaches for developing data-intensive web applications: a survey},
	journal={ACM Computing Survey},
	volume= 31,
	year= 1999,
	pages={227--263},
	number= 3,
	date={september}
}

@article{cer-fra-mat-02,
	author={S.Ceri and P.Fraternali and M. Matera},
	title={Conceptual Modeling of Data-Intensive Web Application},
	journal={IEEE Internet Computing},
	volume= 6,
	year= 2002,
	pages={20--30},
	number= 4,
	date={July - August}
}

@inproceedings{atz-mec-mer-98,
	author={P.Atzeni and G. Mecca and P. Meriado},
	title={Design and maintenance of data-intensive Web sites},
	booktitle={Proc. of EDBT-98},
	year= 1998,
	pages={436--450}
}

@inproceedings{fer-98,
	author={{M. F.} Fernandez and D. Florescu and J. Kang and {A. Y.} Levy and D. Suciu},
	title={Catching the boat with Strudel: experiences with a Web-site management system
		},
	booktitle={ACM - SIGMOD},
	year= 1998,
	pages={414--425}
}

@article{gar-pao-93,
	author={F. Garzotto and P. Paolini and D. Schwabe},
	title={HDM - a model-based approach to hypertext application design},
	journal={ACM TOIS},
	volume= 11,
	year= 1993,
	pages={1--26},
	number= 1 
}

@article{isa-sto-95,
	author={T. Isakowitz and E. Stohr and P. Balasubramanian},
	title={RMM : a methodology for structured hypermedia design},
	journal={Comm. ACM},
	volume= 38,
	year= 1995,
	pages={34--44},
	number= 8 
}

@inproceedings{csmr-03,
	author={E. {Di Sciascio} and {F. M.} Donini and M. Mongiello and G. Piscitelli},
	title={Web Applications Design and Maintenance using Symbolic Model Checking},
	booktitle={Proc. of CSMR '03},
	year= 2003,
	month={March 26--28},
	publisher={IEEE},
	address={Benevento, Italy},
	pages={63--72}
}

@inproceedings{seke-02,
	author={E. {Di Sciascio} and {F. M.} Donini and M. Mongiello and G. Piscitelli},
	title={AnWeb: a System for Automatic Support to Web Application Verification},
	booktitle={Proc. of SEKE '02},
	year= 2002,
	month={July},
	publisher= ACM,
	pages={609--616}
}

@book{cona-02,
	author={J. Conallen},
	title={Building Web applications with UML},
	publisher= AW,
	year= 2002 
}

@inproceedings{des-02,
	author={Y. Deshpande and A. Chandrarathna and A. Ginige},
	title={Web Site Auting: first step towards Re-engineering},
	booktitle= SEKE-02,
	year= 2002,
	month={July 14--19},
	address={Ischia, Italy}
}

@inproceedings{dwyer-99,
	author={M. Dwyer and {G. S.} Avrunin and {J.C.} Corbett},
	title={Patterns in property specifications for finite-state verification},
	booktitle={Proc. of ICSE-99},
	year= 1999,
	month={May},
	address={Ischia, Italy}
}

@inproceedings{de-alfaro-01,
	author={L. {de Alfaro}},
	title={Model checking the {W}orld {W}ide {W}eb},
	booktitle= CAV-01,
	year= 2001,
	pages={77--85}
}

@inproceedings{ricca-tone-01,
	author={F. Ricca and P. Tonella},
	title={Building a tool for the analysis and testing of web applications: problem
		and Solutions},
	booktitle={Proc. of ICSE-01},
	year= 2001,
	address={Toronto, Canada},
	pages={25-34}
}

@inproceedings{NuSMV:CCGM99,
	author={A. Cimatti and {E. M.} Clarke and F. Giunchiglia and M. Roveri},
	title={{\sc NuSMV}: a new {S}ymbolic {M}odel {V}erifier},
	booktitle= CAV-99,
	year= 1999,
	month={July},
	publisher={{S}pringer},
	address={{T}rento, {I}taly},
	editor={{N. H}albwachs and {D. P}eled},
	pages={495-499},
	series= LNCS,
	number={1633}
}

@article{bern-hend-lass-01,
	author={T. {Berners-Lee} and J. Hendler and O. Lassila},
	title={The Semantic Web},
	journal={Scientific American},
	volume= 501,
	year= 2001,
	pages={1--3},
	number= 5 
}

@article{koba-take-00,
	author={M. Kobayashi and K. Takeda},
	title={Information retrieval on the Web},
	journal= CS,
	volume= 32,
	year= 2000,
	pages={145--173},
	number= 2 
}

@article{levy-weld-00,
	author={{A. Y.} Levy and {D.S.} Weld},
	title={Intelligent Internet Systems},
	journal= AIJ,
	volume= 118,
	year= 2000,
	pages={1--14}
}

@article{calv-degi-lenz-99,
	author={D. Calvanese and G. {De Giacomo} and M. Lenzerini},
	title={Representing and reasoning on {XML} documents: A description logic approach},
	journal= JLC,
	volume= 9,
	year= 1999,
	pages={295--318},
	number= 3 
}

@article{gordon-pathak-99,
	author={M. Gordon and P. Pathak},
	title={Finding information on the {W}orld {W}ide {W}eb: the retrieval effectiveness
		of search engines},
	journal= IPM,
	volume={35},
	year={1999},
	pages={141--180}
}

@article{flor-levy-mend-98,
	author={D. Florescu and {A. Y.} Levy and A. Mendelzon},
	title={Database Techniques for the world-wide-web: a survey},
	journal= SIGMODR,
	volume= 27,
	year= 1998,
	pages={59--74},
	number= 33 
}

@article{stotts-98,
	author={{P.D.} Stotts and {J.C.} Furuta},
	title={Hyperdocuments as automata: verification of trace-based browsing properties
		by Model Checking},
	journal={TOIS},
	volume= 16,
	year= 1998,
	pages={1--30},
	number= 1 
}

@article{beer-korn-94,
	author={C. Beeri and Y. Kornatzky},
	title={A logical query language for hypermedia systems},
	journal= ISc,
	volume= 77,
	year= 1994,
	pages={1--37}
}

@incollection{emer-96,
	author={{E. A.} Emerson},
	title={Automated Temporal Reasoning about Reactive Systems},
	booktitle={Logics for Concurrency},
	publisher= SV,
	year= 1996,
	series= LNCS,
	number= 1043 
}

@inproceedings{dilucca,
	author={G. {Di Lucca} and M. {Di Penta}},
	title={An Approach to Identify Duplicated Web Pages},
	booktitle={26th Annual International Computer Software and Applications Conference},
	year= 2002,
	address={Oxford, England},
	pages={481 - 486},
	date={August 26 - 29}
}

@inproceedings{antoniol,
	author={M. {Di Penta} and G. Antoniol and G. Casazza and E. Merlo},
	title={Modeling Web Maintenance Centers Through Queue Models },
	booktitle={Fifth European Conference on Software Maintenance and Reengineering},
	year= 2001,
	address={Lisbon, Portugal},
	pages={131 - 139}
}

@inproceedings{klei-98,
	author={J. Kleinberg},
	title={Authoritative sources in a hyperlinked environment},
	booktitle= SODA-98,
	year= 1998,
	pages={668--677}
}

@inproceedings{bhar-henz-98,
	author={K. Bharat and {M. R.} Henzinger},
	title={Improved algorithms for topic distillation in a hyperlinked environment},
	booktitle= SIGIR-98,
	year= 1998,
	pages={104--111}
}

@book{abit-bune-suci-00,
	author={S. Abiteboul and P. Buneman and D. Suciu},
	title={Data on the web},
	publisher= MK,
	year= 2000 
}

@book{clar-grum-pele-99,
	author={{E. M.} Clarke and {O. M.} Grumberg and {D. A.} Peled},
	title={Model Checking},
	publisher= MIT,
	year= 1999 
}

@book{huth-ryan-99,
	author={{M. R. A.} Huth and {M. D.} Ryan},
	title={Logic in Computer Science},
	publisher= CUP,
	year= 1999 
}

@book{salt-mcgi-89,
	author={G. Salton and {M. J.} McGill},
	title={Introduction to modern Information Retrieval},
	publisher= MGH,
	year= 1989 
}

@misc{smv92,
	author={{K. L.} McMillan},
	title={The {SMV} system},
	year={1992},
	month={February},
	institution={CarnegieMellon University, Pittsburgh, PA},
	note={http://www.cs.cmu.edu/{~}modelcheck/smv/smvmanual.r2.2.ps.}
}

@book{katoen,
	author={{J. P.} Katoen},
	title={Concepts algorithms and tools for model checking},
	publisher={Friedrich-Alexander-Universitat Erlangen-Nurnberg},
	year={1999},
	volume={32-1},
	series={Lecture Notes of the Course "Mechanised Validation of Parallel Systems"}
}

@inproceedings{disc-doni-mong-tota-cast,
	author={E. {Di Sciascio} and {F. M.} Donini and M. Mongiello and R. Totaro and D.
		Castelluccia},
	title={Design Verification of Web Applications Using Symbolic Model Checking},
	booktitle={ICWE},
	year={2005},
	publisher={Springer},
	pages={69-74},
	series={Lecture Notes in Computer Science}
}

@inproceedings{veriweb,
	author={P. Godefroid and M. Benedikt and J. Freire},
	title={VeriWeb: Automatically Testing Dynamic Web Sites},
	booktitle={11th International World Wide Web Conference (WWW '02)},
	year={2002},
	month={May},
	address={Honolulu}
}

