@book{dragon,
      AUTHOR      = {A.V. Aho and R. Sethi and J.D. Ullman},
      TITLE       = {Compilers: Principles, Techniques, and Tools},
      YEAR        = {1986},
      PUBLISHER   = {Addison-Wesley},
      ISBN        = {0-201-10194-7},
      SERIES      = {}
 }

@techreport{comfort,
      AUTHOR      = {J. Ivers and N. Sharygina},
      TITLE       = {Overview of {ComFoRT}: 
                         A Model Checking Reasoning Framework},
      INSTITUTION = {Carnegie Mellon Software Engineering Institute},
      YEAR        = {2004},
      NUMBER	  = {CMU/SEI-2004-TN-018}
 }

@book{modelchecking,
      AUTHOR      = {E. Clarke and O. Grumberg and D.A. Peled},
      TITLE       = {Model Checking},
      YEAR        = {1999},
      PUBLISHER   = {MIT Press},
      LOCATION    = {Cambridge, Massachusetts}
 }

@book{kandr,
      AUTHOR      = {B.W. Kernighan and D.M. Ritchie},
      TITLE       = {The C Programming Language},
      YEAR        = {1988},
      EDITION	  = {2nd},
      PUBLISHER   = {Prentice Hall}
}

@book{engineering,
	AUTHOR	= {K.D. Cooper and L. Torczon},
	TITLE	= {Engineering a Compiler},
	YEAR	= {2004},
	Publisher = {Elsevier Science}
}

@book{compilerdandi,
	AUTHOR	= {S.S. Muchnick},
	TITLE	= {Advanced Compiler Design and Implementation},
	YEAR	= {1997},
	Publisher = {Academic Press}
}

@book{np,
	AUTHOR	= {M.R. Garey and D.S. Johnson},
	TITLE	= {Computers and Intractability},
	YEAR	= {1979},
	Publisher = {Bell Telephone Laboratories},
        ISBN      = {0-7167-1044-7}
}

@article{partialorder,
	AUTHOR = {E.M. Clarke and O. Grumberg and M. Minea and D. Peled},
	TITLE = {State space reduction using partial order techniques},
	JOURNAL = {Int.\ J. on Soft.\ Tools for Tech.\ Transfer},
	Volume = {2},
	ISSUE = {3},
	YEAR = {1999},
	PAGES = {279-287}
}

@ARTICLE{hoare:axiom,
  author = {C.A.R. Hoare},
  title = {An axiomatic basis for computer programming},
  journal = {Communications of the ACM},
  year = {1969},
  volume = {12},
  pages = {576-80,583}
}  

@inproceedings{experiencepredicates,
  author = {S. Das and D.L. Dill and S. Park},
  title = {Experience with Predicate Abstraction},
 booktitle = {CAV},
 year = {1999},
 publisher = {Springer LNCS},
volume = {1633}
}

%% Add website references for MAGIC, BLAST, SLAM websites.

@inproceedings{slam,
 author = {T. Ball and S.K. Rajamani},
 title = {The {SLAM} project: {D}ebugging system software via static analysis},
 booktitle = {POPL},
 year = {2002},
 publisher = {ACM Press}
 }

@article{sagar:minimumpredicates,
  author = "S. Chaki and E. Clarke and A. Groce and O. Strichman",
  title = "Predicate Abstraction with Minimum Predicates",
 booktitle = {CHARME},
 year = {2003},
 publisher = {Springer LNCS},
volume = {2860}
}

%12th Advanced Research Working Conference  on Correct Hardware Design and Verification Methods (CHARME) 2003

%% p203-ball.pdf
%% 378846,
@inproceedings{ball:predicateabstraction,
 author = {T. Ball and R. Majumdar and T. Millstein and S.K. Rajamani},
 title = {Automatic predicate abstraction of {C} programs},
 booktitle = {PLDI},
 year = {2001},
 publisher = {ACM Press}
 }

@inproceedings{ball:safety,
 author = {T. Ball and S.K. Rajamani},
 title = {Automatically Validating Temporal Safety Properties of Interfaces},
 booktitle = {SPIN},
 year = {2001},
 publisher = {ACM Press}
 }

@INPROCEEDINGS{cil,
  author = {G.C. Necula and S.McPeak and S.P. Rahul and W. Weimer},
  title = {{CIL}: Intermediate Language and Tools for Analysis and Transformation of {C} Programs},
  booktitle = {CC},
  year = {2002},
  publisher = {Springer LNCS},
volume = {2304}
}


% p385-chaki.pdf
@inproceedings{sagar:modularverification,
 author = {S. Chaki and E. Clarke and A. Groce and S. Jha and H. Veith},
 title = {Modular verification of software components in {C}},
 booktitle = {ICSE},
 year = {2003},
 publisher = {IEEE Computer Society}
 }

@article{cegar,
 author = {E. Clarke and O. Grumberg and S. Jha and Y. Lu and H. Veith},
 title = {Counterexample-guided abstraction refinement for symbolic model checking},
 journal = {J. ACM},
 volume = {50},
 number = {5},
 year = {2003},
 pages = {752--794},
 publisher = {ACM Press}
 }

@inproceedings{abstractionpvs,
 author = {S. Graf and H. Sa\"idi},
 title = {Construction of Abstract State Graphs with PVS},
 booktitle = {CAV},
 year = {1997},
 publisher = {Springer LNCS},
volume = {1254}
 }

% p38-jhala.pdf
@inproceedings{pathslicing,
 author = {R. Jhala and R. Majumdar},
 title = {Path slicing},
 booktitle = {PLDI},
 year = {2005},
 publisher = {ACM Press}
 }

@ARTICLE{sethi,
  author = "R. Sethi",
  title = "A Note on Implementing Parallel Assignment Instructions",
  journal = "Information Processing Letters",
  year = {1973},
  volume = {2},
  pages = {91-95},
}  


@ARTICLE{sagar:efficientverification,
  author = "S. Chaki and E. Clarke and A. Groce and J. Ouaknine and O. Strichman and K. Yorav",
  title = "Efficient Verification of Sequential and Concurrent {C} Programs",
journal = {Formal Methods in System Design},
volume = {25},
number = {2-3},
pages = {129--166},
year = {2004}
}  

@inproceedings{IFM05,
 author = {S. Chaki and E. M. Clarke and O. Grumberg 
and J. Ouaknine and N. Sharygina and T. Touili and H. Veith},
 title = {State/event software verification for branching-time specifications},
 booktitle = {IFM},
 year = {2005},
 publisher = {Springer LNCS}
}

@ARTICLE{FACJ05,
  author = {S. Chaki and E. M. Clarke and J. Ouaknine and 
N. Sharygina and N. Sinha},
  title = {Concurrent software verification with 
   states, events, and deadlocks},
  journal = {Formal Aspects of Computing (to appear)},
  year = {2005}
}  

@article{pushdown,
 author = {S.A. Cook},
 title = {Characterizations of Pushdown Machines in Terms of Time-Bounded Computers},
 journal = {J. ACM},
 volume = {18},
 number = {1},
 year = {1971},
 pages = {4--18},
 publisher = {ACM Press}
 }

@MISC{website:blast,
  key = "BLAST website",
  title = "BLAST website",
  note = "\texttt{http://www-cad.eecs.berkeley.edu/rupak/blast}"
}

@MISC{website:slam,
  key = "SLAM website",
  title = "SLAM website",
  note = "\texttt{http://research.microsoft.com/slam}",
}

@MISC{website:magic,
  key = "MAGIC website",
  title = "MAGIC website",
  note = "\texttt{http://www.cs.cmu.edu/\~\/chaki/magic}",
}

% GNU Parser Generator, XXX URL wrong
@MISC{website:bison,
  key = "BISON website",
  title = "BISON website",
  note = "\texttt{http://www.gnu.org/bison}",
}

@phdthesis{nelson,
 author = {C.G. Nelson},
 title = {Techniques for program verification},
 year = {1980}
}

